@article{mack2000biotic,
  title={Biotic invasions: causes, epidemiology, global consequences, and control},
  author={Mack, Richard N and Simberloff, Daniel and Mark Lonsdale, W and Evans, Harry and Clout, Michael and Bazzaz, Fakhri A},
  journal={Ecological applications},
  volume={10},
  number={3},
  pages={689--710},
  year={2000},
  publisher={Eco Soc America}
}

@article{pimentel2005update,
  title={Update on the environmental and economic costs associated with alien-invasive species in the United States},
  author={Pimentel, David and Zuniga, Rodolfo and Morrison, Doug},
  journal={Ecological economics},
  volume={52},
  number={3},
  pages={273--288},
  year={2005},
  publisher={Elsevier}
}

@article{hulme2009trade,
  title={Trade, transport and trouble: managing invasive species pathways in an era of globalization},
  author={Hulme, Philip E},
  journal={Journal of Applied Ecology},
  volume={46},
  number={1},
  pages={10--18},
  year={2009},
  publisher={Wiley Online Library}
}

@article{reeves1989application,
  title={Application of a diffusion model to the spread of an invasive species: {The coypu in Great Britain}},
  author={Reeves, Stuart A and Usher, Michael B},
  journal={Ecological modelling},
  volume={47},
  number={3},
  pages={217--232},
  year={1989},
  publisher={Elsevier}
}

@article{williamson1989mathematical,
  title={Mathematical Models of Invasion},
  author={Williamson, Mark},
  year={1989}
}

@article{strickland2015network,
  title={Network spread of invasive species and infectious diseases},
  author={Strickland, Christopher and Dangelmayr, Gerhard and Shipman, Patrick D and Kumar, Sunil and Stohlgren, Thomas J},
  journal={Ecological Modelling},
  volume={309},
  pages={1--9},
  year={2015},
  publisher={Elsevier}
}

@article{neubert2004projecting,
  title={Projecting rates of spread for invasive species},
  author={Neubert, Michael G and Parker, Ingrid M},
  journal={Risk Analysis},
  volume={24},
  number={4},
  pages={817--831},
  year={2004},
  publisher={Wiley Online Library}
}

@article{korolev2014turning,
  title={Turning ecology and evolution against cancer},
  author={Korolev, Kirill S and Xavier, Joao B and Gore, Jeff},
  journal={Nature Reviews Cancer},
  volume={14},
  number={5},
  pages={371--380},
  year={2014},
  publisher={Nature Publishing Group}
}

@article{gillespie1977exact,
  title={Exact stochastic simulation of coupled chemical reactions},
  author={Gillespie, Daniel T},
  journal={The journal of physical chemistry},
  volume={81},
  number={25},
  pages={2340--2361},
  year={1977},
  publisher={ACS Publications}
}

@article{watts1998collective,
  title={Collective dynamics of ‘small-world’networks},
  author={Watts, Duncan J and Strogatz, Steven H},
  journal={nature},
  volume={393},
  number={6684},
  pages={440--442},
  year={1998},
  publisher={Nature Publishing Group}
}

@article{vaclavik2009invasive,
  title={Invasive species distribution modeling (iSDM): Are absence data and dispersal constraints needed to predict actual distributions?},
  author={V{\'a}clav{\'\i}k, Tom{\'a}{\v{s}} and Meentemeyer, Ross K},
  journal={Ecological Modelling},
  volume={220},
  number={23},
  pages={3248--3258},
  year={2009},
  publisher={Elsevier}
}

@article{elith2009species,
  title={Species distribution models: ecological explanation and prediction across space and time},
  author={Elith, Jane and Leathwick, John R},
  journal={Annual Review of Ecology, Evolution, and Systematics},
  volume={40},
  number={1},
  pages={677},
  year={2009}
}

@article{ferrari2014modeling,
  title={Modeling the spread of invasive species using dynamic network models},
  author={Ferrari, Joseph R and Preisser, Evan L and Fitzpatrick, Matthew C},
  journal={Biological invasions},
  volume={16},
  number={4},
  pages={949--960},
  year={2014},
  publisher={Springer}
}

@article{kaluza2010complex,
  title={The complex network of global cargo ship movements},
  author={Kaluza, Pablo and K{\"o}lzsch, Andrea and Gastner, Michael T and Blasius, Bernd},
  journal={Journal of the Royal Society Interface},
  volume={7},
  number={48},
  pages={1093--1103},
  year={2010},
  publisher={The Royal Society}
}

@book{strogatz1994nonlinear,
  title={Nonlinear dynamics and chaos: with applications to physics, biology, chemistry, and engineering},
  author={Strogatz, Steven H},
  year={1994},
  publisher={Westview press}
}

@article{latora2001efficient,
  title={Efficient behavior of small-world networks},
  author={Latora, Vito and Marchiori, Massimo},
  journal={Physical review letters},
  volume={87},
  number={19},
  pages={198701},
  year={2001},
  publisher={APS}
}

@article{invasive2006invasive,
  title={Invasive species definition clarification and guidance white paper. {National Invasive Species Council}},
  author={Invasive Species Advisory Committee and others},
  journal={US Department of Agriculture, National Agricultural Library. Washington, DC Available at http://www.invasivespeciesinfo.gov/docs/council/isacdef. pdf},
  year={2006}
}

@article{floerl2009importance,
  title={The importance of transport hubs in stepping-stone invasions},
  author={Floerl, O and Inglis, GJ and Dey, K and Smith, A},
  journal={Journal of Applied Ecology},
  volume={46},
  number={1},
  pages={37--45},
  year={2009},
  publisher={Wiley Online Library}
}

@book{carlton2003invasive,
  title={Invasive species: vectors and management strategies},
  author={Carlton, James},
  year={2003},
  publisher={Island Press}
}

@article{koch2014using,
  title={Using a network model to assess risk of forest pest spread via recreational travel},
  author={Koch, Frank H and Yemshanov, Denys and Haack, Robert A and Magarey, Roger D},
  journal={PloS one},
  volume={9},
  number={7},
  pages={e102105},
  year={2014},
  publisher={Public Library of Science}
}

@article{sharov1998model,
  title={Model of slowing the spread of gypsy moth (Lepidoptera: Lymantriidae) with a barrier zone},
  author={Sharov, Alexei A and Liebhold, Andrew M},
  journal={Ecological Applications},
  volume={8},
  number={4},
  pages={1170--1179},
  year={1998},
  publisher={Eco Soc America}
}

@inproceedings{walsh1999search,
  title={Search in a small world},
  author={Walsh, Toby and others},
  booktitle={IJCAI},
  volume={99},
  pages={1172--1177},
  year={1999}
}

@article{csardi2006igraph,
  title={The igraph software package for complex network research},
  author={Csardi, Gabor and Nepusz, Tamas},
  journal={InterJournal, Complex Systems},
  volume={1695},
  number={5},
  pages={1--9},
  year={2006}
}

@unpublished{yan2015transport,
	title={Projecting terrestrial species invasion spread using commodity flow pathways},
	author={Yan, Ryan and Wikle, Nathan and Gauli, Ashish and Gross, Louis and Simberloff, Daniel and Chuang, Angela and Landerer, Cedric},
	year = {2016}
	}